@Article{haykin05,
    author = "Simon Haykin",
    title = "Cognitive Radio: Brain-Empowered Wireless Communications",
    journal = "IEEE Journal on selected areas in communications",
    year = 2005,
    volume = 23,
    number = 2,  
}

@Misc{wikiCR,
	key = "Cognitive Radio Wikipedia",
	howpublished = "\url{http://en.wikipedia.org/wiki/Cognitive_radio}",
}

@Article{repFCC,
	author = "Federal Communications Commission",
	title = "Spectrum Policy Task Force",
	month = "November",
	year = 2002,
	journal = "ET Docket No. 02-135",
}

@Article{staple04,
    author = "Gregory Staple and Kevin Werbach",
    title = "The End of Spectrum Scarcity",
    journal = "IEEE Spectrum",
    year = 2004,
    month = "March",
    volume = 41,
    number = 3,
    pages = "48--52",
}

@InProceedings{kolodzy01,
    author = "Paul Kolodzy and others",
    title = "Next generation communications: Kickoff meeting",
    booktitle = "Proc. DARPA",
    year = 2001,
    month = "October",
}

@Article{mitola99,
    author = "Joseph Mitola and others",
    title = "Cognitive radio: Making software radios more personal",
    journal = "IEEE Personal Communications",
    year = 1999,
    month = "August",
    volume = 6,
    number = 4,
    pages = "13--18",
}

@PHDThesis{mitola00,
    author = "Joseph Mitola",
    title = "Cognitive Radio: An Integrated Agent Architecture for Software
    Defined Radio",
    school = "Royal Institute of Technology (KTH)",
    year = 2000,
    month = "May",
    address = "Stockholm, Sweden",
}

@Article{welch67,
    author = "Peter D. Welch",
    title = "The use of fast Fourier transform for the estimation of power 
    spectra: A method based on time averaging over short, modified periodograms ",
    year = 1967,
    month = "June",
    pages ="70--73",
    volume = 15,
    number = 2,
    journal = "Audio and Electroacoustics, IEEE Transactions on",
}

@Article{sarijari09,
    author = "M. A. Sarijari and others",
    title = "Energy Detection Sensing based on GNURadio
and USRP: An Analysis Study ",
    year = 2009,
    journal = "Communications (MICC), 2009 IEEE 9th Malaysia International 
    Conference on",
    month = "December",
}

@Misc{wikiCusum,
    key = "CUSUM",
    howpublished = "\url{http://en.wikipedia.org/wiki/CUSUM}",
}

@Article{haykin09,
    author = "Simon Haykin and David J. Thomson and Jeffrey H. Reed",
    title = "Spectrum Sensing for Cognitive Radio",
    journal = "Proceedings of the IEEE",
    year = 2009,
    volume = 97,
    month = "May",
    number = 5,  
}

@Article{zhang09,
    author = "Wei Zhang and R.K. Mallik and K. Letaief",
    title = "Optimization of cooperative spectrum sensing with energy 
    detection in cognitive radio networks",
    journal = "IEEE Transactions on Wireless Communications",
    year = 2009,
    month = "December",
    pages = "5761--5766",
}